
library(wordcountaddin)
word_count()


@article{gu2018approximated,
  title={Approximated adjusted fractional Bayes factors: A general method for testing informative hypotheses},
  author={Gu, Xin and Mulder, Joris and Hoijtink, Herbert},
  journal={British Journal of Mathematical and Statistical Psychology},
  volume={71},
  number={2},
  doi={10.1111/bmsp.12110},
  pages={229--261},
  year={2018},
  publisher={Wiley Online Library}
}


@book{hoijtink2008bayesian,
  title={Bayesian evaluation of informative hypotheses},
  author={Hoijtink, Herbert and Klugkist, Irene and Boelen, Paul A},
  year={2008},
  publisher={Springer}
}
@Manual{R-base,
  title = {R: A Language and Environment for Statistical Computing},
  author = {{R Core Team}},
  organization = {R Foundation for Statistical Computing},
  address = {Vienna, Austria},
  year = {2021},
  url = {https://www.R-project.org/},
}
@Manual{R-papaja,
  author = {Frederik Aust and Marius Barth},
  title = {{papaja}: {Create} {APA} manuscripts with {R Markdown}},
  year = {2020},
  note = {R package version 0.1.0.9997},
  url = {https://github.com/crsh/papaja},
}

@inproceedings{jeffreys1935some,
  title={Some tests of significance, treated by the theory of probability},
  author={Jeffreys, Harold},
  booktitle={Mathematical Proceedings of the Cambridge Philosophical Society},
  volume={31},
  number={2},
  doi={doi.org/10.1017/S030500410001330X},
  pages={203--222},
  year={1935},
  organization={Cambridge University Press}
}

@article{kass1995bayes,
  added-at = {2017-09-28T15:27:57.000+0200},
  author = {Kass, Robert E. and Raftery, Adrian E.},
  biburl = {https://www.bibsonomy.org/bibtex/20a1dfd0f204e42300e16a9ebd7a94969/thoni},
  doi = {10.1080/01621459.1995.10476572},
  eprint = {http://www.tandfonline.com/doi/pdf/10.1080/01621459.1995.10476572},
  interhash = {cd122c30c9c556c1186f628b8478c515},
  intrahash = {0a1dfd0f204e42300e16a9ebd7a94969},
  journal = {Journal of the American Statistical Association},
  keywords = {bayesfactor hyptrails significance},
  number = 430,
  pages = {773-795},
  publisher = {Taylor & Francis},
  timestamp = {2017-09-28T15:27:57.000+0200},
  title = {Bayes Factors},
  url = {/brokenurl#         http://www.tandfonline.com/doi/abs/10.1080/01621459.1995.10476572    },
  volume = 90,
  year = 1995
}

@article{hoijtink2019bayesian,
  title={Bayesian evaluation of informative hypotheses for multiple populations},
  author={Hoijtink, Herbert and Gu, Xin and Mulder, Joris},
  journal={British Journal of Mathematical and Statistical Psychology},
  volume={72},
  doi={doi.org/10.1111/bmsp.12145},
  number={2},
  pages={219--243},
  year={2019},
  publisher={Wiley Online Library}
}

@article{hoijtink2019computing,
  title={Computing Bayes factors from data with missing values.},
  author={Hoijtink, Herbert and Gu, Xin and Mulder, Joris and Rosseel, Yves},
  journal={Psychological Methods},
  volume={24},
  number={2},
  pages={253},
  year={2019},
  publisher={American Psychological Association}
}


@article{hoijtink2019tutorial,
  title={A tutorial on testing hypotheses using the Bayes factor.},
  author={Hoijtink, Herbert and Mulder, Joris and van Lissa, Caspar and Gu, Xin},
  journal={Psychological methods},
  volume={24},
  number={5},
  doi={doi.org/10.1037/met0000201},
  pages={539},
  year={2019},
  publisher={American Psychological Association}
}

@article{tendeiro2019review,
  title={A review of issues about null hypothesis Bayesian testing.},
  author={Tendeiro, Jorge N and Kiers, Henk AL},
  journal={Psychological methods},
  volume={24},
  number={6},
  doi={10.1037/met0000221},
  pages={774},
  year={2019},
  publisher={American Psychological Association}
}

@article{cohen1994earth,
  title={The earth is round (p<. 05).},
  author={Cohen, Jacob},
  journal={American psychologist},
  volume={49},
  doi={dx.doi.org/10.1037/0033-2909.112.1.155},
  number={12},
  pages={997},
  year={1994},
  publisher={American Psychological Association}
}


@book{hox2017multilevel,
  title={Multilevel analysis: Techniques and applications},
  author={Hox, Joop J and Moerbeek, Mirjam and Van de Schoot, Rens},
  year={2017},
  publisher={Routledge}
}

@article{hoijtink2021prior,
  title={Prior sensitivity of null hypothesis Bayesian testing.},
  author={Hoijtink, Herbert},
  journal={Psychological Methods},
  year={2021},
  doi={10.1037/met0000292},
  publisher={American Psychological Association}
} 

@Manual{bain,
    title = {bain: Bayes Factors for Informative Hypotheses},
    author = {Xin Gu and Herbert Hoijtink and Joris Mulder and Caspar J {van Lissa}},
    year = {2021},
    note = {R package version 0.2.6},
    url = {https://CRAN.R-project.org/package=bain},
  }

@article{rouder2009bayesian,
  title={Bayesian t tests for accepting and rejecting the null hypothesis},
  author={Rouder, Jeffrey N and Speckman, Paul L and Sun, Dongchu and Morey, Richard D and Iverson, Geoffrey},
  journal={Psychonomic bulletin \& review},
  volume={16},
  number={2},
  pages={225--237},
  year={2009},
  publisher={Springer}
}

@article{mulder2014prior,
  title={Prior adjusted default Bayes factors for testing (in) equality constrained hypotheses},
  author={Mulder, Joris},
  journal={Computational Statistics \& Data Analysis},
  volume={71},
  pages={448--463},
  doi={10.1016/j.csda.2013.07.017},
  year={2014},
  publisher={Elsevier}
}

@book{hoijtink2011informative,
  title={Informative hypotheses: Theory and practice for behavioral and social scientists},
  author={Hoijtink, Herbert},
  year={2011},
  publisher={CRC Press}
}

@article{wagenmakers2007practical,
  title={A practical solution to the pervasive problems of p values},
  author={Wagenmakers, Eric-Jan},
  journal={Psychonomic bulletin \& review},
  volume={14},
  doi={10.3758/bf03194105},
  number={5},
  pages={779--804},
  year={2007},
  publisher={Springer}
}

@article{o1995fractional,
  title={Fractional Bayes factors for model comparison},
  author={O'Hagan, Anthony},
  journal={Journal of the Royal Statistical Society: Series B (Methodological)},
  volume={57},
  number={1},
  pages={99--118},
  year={1995},
  publisher={Wiley Online Library}
}

@Article{lme4,
    title = {Fitting Linear Mixed-Effects Models Using {lme4}},
    author = {Douglas Bates and Martin M{\"a}chler and Ben Bolker and Steve Walker},
    journal = {Journal of Statistical Software},
    year = {2015},
    volume = {67},
    number = {1},
    pages = {1--48},
    doi = {10.18637/jss.v067.i01},
  }
  
  @article{jones2015normal,
  title={The normal-theory and asymptotic distribution-free (ADF) covariance matrix of standardized regression coefficients: Theoretical extensions and finite sample behavior},
  author={Jones, Jeff A and Waller, Niels G},
  journal={Psychometrika},
  volume={80},
  number={2},
  doi={10.1007/s11336-013-9380-y},
  pages={365--378},
  year={2015},
  publisher={Springer}
}

@article{schuurman2016compare,
  title={How to compare cross-lagged associations in a multilevel autoregressive model.},
  author={Schuurman, No{\'e}mi K and Ferrer, Emilio and de Boer-Sonnenschein, Mieke and Hamaker, Ellen L},
  journal={Psychological methods},
  volume={21},
  number={2},
  doi={10.1037/met0000062},
  pages={206},
  year={2016},
  publisher={American Psychological Association}
}

@Manual{R-bain,
  title = {bain: Bayes Factors for Informative Hypotheses},
  author = {Xin Gu and Herbert Hoijtink and Joris Mulder and Caspar J {van Lissa}},
  year = {2021},
  note = {R package version 0.2.6},
  url = {https://CRAN.R-project.org/package=bain},
}

@Article{R-lme4,
  title = {Fitting Linear Mixed-Effects Models Using {lme4}},
  author = {Douglas Bates and Martin M{\"a}chler and Ben Bolker and Steve Walker},
  journal = {Journal of Statistical Software},
  year = {2015},
  volume = {67},
  number = {1},
  pages = {1--48},
  doi = {10.18637/jss.v067.i01},
}



@Article{R2MLwiN,
  title = {{R2MLwiN}: A Package to Run {MLwiN} from within {R}},
  author = {Zhengzheng Zhang and Richard M. A. Parker and Christopher M. J. Charlton and George Leckie and William J. Browne},
  journal = {Journal of Statistical Software},
  year = {2016},
  volume = {72},
  number = {10},
  pages = {1--43},
  doi = {10.18637/jss.v072.i10},
}


@article{wainer1999one,
  title={One cheer for null hypothesis significance testing.},
  author={Wainer, Howard},
  journal={Psychological Methods},
  volume={4},
  doi={10.1037/1082-989X.4.2.212},
  number={2},
  pages={212},
  year={1999},
  publisher={American Psychological Association}
}


@book{van2018flexible,
  title={Flexible imputation of missing data},
  author={Van Buuren, Stef},
  year={2018},
  publisher={CRC press}
}

@Manual{R-dplyr,
  title = {dplyr: A Grammar of Data Manipulation},
  author = {Hadley Wickham and Romain François and Lionel Henry and Kirill Müller},
  year = {2021},
  note = {R package version 1.0.7},
  url = {https://CRAN.R-project.org/package=dplyr},
}
@Manual{R-forcats,
  title = {forcats: Tools for Working with Categorical Variables (Factors)},
  author = {Hadley Wickham},
  year = {2021},
  note = {R package version 0.5.1},
  url = {https://CRAN.R-project.org/package=forcats},
}
@Manual{R-foreign,
  title = {foreign: Read Data Stored by 'Minitab', 'S', 'SAS', 'SPSS', 'Stata',
'Systat', 'Weka', 'dBase', ...},
  author = {{R Core Team}},
  year = {2020},
  note = {R package version 0.8-81},
  url = {https://CRAN.R-project.org/package=foreign},
}
@Book{R-ggplot2,
  author = {Hadley Wickham},
  title = {ggplot2: Elegant Graphics for Data Analysis},
  publisher = {Springer-Verlag New York},
  year = {2016},
  isbn = {978-3-319-24277-4},
  url = {https://ggplot2.tidyverse.org},
}
@Manual{R-Matrix,
  title = {Matrix: Sparse and Dense Matrix Classes and Methods},
  author = {Douglas Bates and Martin Maechler},
  year = {2021},
  note = {R package version 1.3-4},
  url = {https://CRAN.R-project.org/package=Matrix},
}
@Manual{R-psych,
  title = {psych: Procedures for Psychological, Psychometric, and Personality Research},
  author = {William Revelle},
  organization = { Northwestern University},
  address = { Evanston, Illinois},
  year = {2021},
  note = {R package version 2.1.9},
  url = {https://CRAN.R-project.org/package=psych},
}
@Manual{R-purrr,
  title = {purrr: Functional Programming Tools},
  author = {Lionel Henry and Hadley Wickham},
  year = {2020},
  note = {R package version 0.3.4},
  url = {https://CRAN.R-project.org/package=purrr},
}
@Manual{R-readr,
  title = {readr: Read Rectangular Text Data},
  author = {Hadley Wickham and Jim Hester},
  year = {2021},
  note = {R package version 2.0.2},
  url = {https://CRAN.R-project.org/package=readr},
}
@Manual{R-stringr,
  title = {stringr: Simple, Consistent Wrappers for Common String Operations},
  author = {Hadley Wickham},
  year = {2019},
  note = {R package version 1.4.0},
  url = {https://CRAN.R-project.org/package=stringr},
}
@Manual{R-tibble,
  title = {tibble: Simple Data Frames},
  author = {Kirill Müller and Hadley Wickham},
  year = {2021},
  note = {R package version 3.1.5},
  url = {https://CRAN.R-project.org/package=tibble},
}
@Manual{R-tidyr,
  title = {tidyr: Tidy Messy Data},
  author = {Hadley Wickham},
  year = {2021},
  note = {R package version 1.1.4},
  url = {https://CRAN.R-project.org/package=tidyr},
}
@Article{R-tidyverse,
  title = {Welcome to the {tidyverse}},
  author = {Hadley Wickham and Mara Averick and Jennifer Bryan and Winston Chang and Lucy D'Agostino McGowan and Romain François and Garrett Grolemund and Alex Hayes and Lionel Henry and Jim Hester and Max Kuhn and Thomas Lin Pedersen and Evan Miller and Stephan Milton Bache and Kirill Müller and Jeroen Ooms and David Robinson and Dana Paige Seidel and Vitalie Spinu and Kohske Takahashi and Davis Vaughan and Claus Wilke and Kara Woo and Hiroaki Yutani},
  year = {2019},
  journal = {Journal of Open Source Software},
  volume = {4},
  number = {43},
  pages = {1686},
  doi = {10.21105/joss.01686},
}
@Article{R-coda,
  title = {CODA: Convergence Diagnosis and Output Analysis for MCMC},
  author = {Martyn Plummer and Nicky Best and Kate Cowles and Karen Vines},
  journal = {R News},
  year = {2006},
  volume = {6},
  number = {1},
  pages = {7--11},
  url = {https://journal.r-project.org/archive/},
  pdf = {https://www.r-project.org/doc/Rnews/Rnews_2006-1.pdf},
}
@Manual{R-jtools,
  title = {jtools: Analysis and Presentation of Social Scientific Data},
  author = {Jacob A. Long},
  year = {2020},
  note = {R package version 2.1.0},
  url = {https://cran.r-project.org/package=jtools},
}
@Book{R-MASS,
  title = {Modern Applied Statistics with S},
  author = {W. N. Venables and B. D. Ripley},
  publisher = {Springer},
  edition = {Fourth},
  address = {New York},
  year = {2002},
  note = {ISBN 0-387-95457-0},
  url = {https://www.stats.ox.ac.uk/pub/MASS4/},
}
@Manual{R-rjags,
  title = {rjags: Bayesian Graphical Models using MCMC},
  author = {Martyn Plummer},
  year = {2021},
  note = {R package version 4-12},
  url = {https://CRAN.R-project.org/package=rjags},
}
@Manual{R-rsq,
  title = {rsq: R-Squared and Related Measures},
  author = {Dabao Zhang},
  year = {2021},
  note = {R package version 2.2},
  url = {https://CRAN.R-project.org/package=rsq},
}
@Manual{R-wordcountaddin,
  title = {wordcountaddin: Word counts and readability statistics in R markdown documents},
  author = {Ben Marwick},
  year = {2021},
  note = {R package version 0.3.0.9000},
}
